<?xml version="1.0" encoding="UTF-8"?><collection xmlns="http://www.loc.gov/MARC21/slim"><record><leader>00305nam--2200121-i-4500</leader><controlfield tag="001">000025652</controlfield><controlfield tag="002">20161230</controlfield><controlfield tag="005">20161230201036</controlfield><controlfield tag="008">060222s1000------------r-----000-0-eng-d</controlfield><datafield ind1=" " ind2=" " tag="080"><subfield code="a">621.7</subfield></datafield><datafield ind1=" " ind2=" " tag="245"><subfield code="a">In ajutorul muncitorilor si maistrilor electricieni</subfield></datafield><datafield ind1=" " ind2=" " tag="260"><subfield code="a">Bucuresti, I.D.T., 1952. 47p</subfield></datafield><datafield ind1=" " ind2=" " tag="852"><subfield code="a">1746</subfield></datafield></record></collection>